@online{Ruby,
	author = {Ruby community},
	title = {Ruby Programming Language},
	url = {http://ruby-lang.org},
	urldate = {2015-09-10}
}
@online{RoR,
	author = {David Heinemeier Hansson},
	title = {Ruby on Rails},
	url = {http://rubyonrails.org},
	urldate = {2015-09-10}
}
@online{v4,
	author = {joreg and Max Wolf and Sebastian Gregor and Sebastian Oschatz},
	title = {vvvv - a multipurpose toolkit},
	url = {http://www.vvvv.org},
	urldate = {2016-03-11}
}
@online{sinatra,
	author = {Blake Mizerany},
	title = {Sinatra},
	url = {http://www.sinatrarb.com},
	urldate = {2015-09-10}
}
@online{backbone,
	author = {DocumentCloud},
	title = {Backbone.js},
	url = {http://backbonejs.org},
	urldate = {2015-09-10}
}
@online{ember,
	author = {Tilde Inc.},
	title = {Ember.js - A framework for creating ambitious web applications},
	url = {http://emberjs.com},
	urldate = {2015-09-10}
}
@online{meteor,
	author = {Meteor Development Group},
	title = {Meteor},
	url = {http://meteor.com},
	urldate = {2015-09-10}
}
@online{mongo,
	author = {MongoDB, Inc.},
	title = {MongoDB},
	url = {http://mongodb.org},
	urldate = {2015-09-11}
}
@online{bson,
	author = {MongoDB, Inc.},
	title = {MongoDB Meta Driver Manual 0.1-dev},
	url = {http://docs.mongodb.org/meta-driver/latest/legacy/bson},
	urldate = {2015-09-11}
}
@online{mongoid,
	author = {Durran Jordan},
	title = {Mongoid},
	url = {http://mongoid.github.io/en/mongoid/v3/index.html},
	urldate = {2015-09-11}
}
@online{objectid,
	author = {MongoDB, Inc.},
	title = {ObjectId - MongoDB Manual 3.0},
	url = {http://docs.mongodb.org/v3.0/reference/object-id/},
	urldate = {2015-09-11}
}
@online{positional,
	author = {MongoDB, Inc.},
	title = {\$ (update) - MongoDB Manual 3.0},
	url = {http://docs.mongodb.org/manual/reference/operator/update/positional/},
	urldate = {2015-09-11}
}
@online{fogbugz,
	author = {Fog Creek Software},
	title = {Bug Tracker for Development Teams - FogBugz},
	url = {http://www.fogcreek.com/fogbugz},
	urldate = {2015-09-11}
}
@online{git,
	author = {Git Community},
	title = {Git},
	url = {http://www.git-scm.com/},
	urldate = {2015-09-11}
}
@online{gitlab,
	author = {Gitlab Inc.},
	title = {Create, review and deploy code together with GitLab open source git repo management software | GitLab},
	url = {https://about.gitlab.com/},
	urldate = {2015-09-11}
}
@online{simpleform,
	author = {Plataformatec},
	title = {plataformatec/simple\_form},
	url = {https://github.com/plataformatec/simple_form},
	urldate = {2015-09-11}
}
@online{engine,
	author = {David Heinemeier Hansson},
	title = {Getting Started with Engines — Ruby on Rails Guides},
	url = {http://guides.rubyonrails.org/engines.html},
	urldate = {2015-09-11}
}
@online{decorators,
	author = {Philip Arndt},
	title = {parndt/decorators},
	url = {https://github.com/parndt/decorators},
	urldate = {2015-09-11}
}
@online{tradeplace,
	author = {Tradeplace BV},
	title = {Tradeplace},
	url = {https://www.tradeplace.com},
	urldate = {2015-09-11}
}
@online{rspec,
	author = {Myron Marston and Jon Rowe and Sam Phippen and Xavier Shay and Aaron Kromer and Yuji Nakayama},
	title = {RSpec: Behaviour Driven Development for Ruby},
	url = {http://rspec.info},
	urldate = {2015-09-11}
}
@online{capistrano,
	author = {Tom Clements and Lee Hambley},
	title = {A remote server automation and deployment tool written in Ruby.},
	url = {http://capistranorb.com},
	urldate = {2015-09-11}
}
@online{elasticsearch,
	author = {Elasticsearch},
	title = {Elasticsearch: RESTful, Distributed Search \& Analytics | Elastic},
	url = {https://www.elastic.co/products/elasticsearch},
	urldate = {2015-09-11}
}
@online{nginx,
	author = {Nginx Inc},
	title = {nginx},
	url = {http://nginx.org/en},
	urldate = {2015-09-11}
}
@techreport{RFC2617,
  author = {John Franks and Phillip M. Hallam-Baker and Jeffery L. Hostetler and Scott D. Lawrence and Paul J. Leach and Ari Luotonen and Lawrence C. Stewart},
  title = {HTTP Authentication: Basic and Digest Access Authentication},
  howpublished = {Internet Requests for Comments},
  type = {RFC},
  number = {2617},
  year = {1999},
  month = {June},
  issn = {2070-1721},
  publisher = {RFC Editor},
  institution = {RFC Editor},
  url = {http://www.rfc-editor.org/rfc/rfc2617.txt}
}
@book{ddd,
    abstract = {{Domain-Driven Design Tackling Complexity in the Heart of Software. NM}},
    author = {Evans, Eric},
    day = {30},
    edition = {1},
    howpublished = {Hardcover},
    isbn = {0321125215},
    keywords = {development, domain, driven, process, software},
    month = aug,
    posted-at = {2008-10-16 16:31:14},
    priority = {0},
    publisher = {Addison-Wesley Professional},
    title = {{Domain-Driven Design: Tackling Complexity in the Heart of Software}},
    url = {http://www.amazon.com/exec/obidos/redirect?tag=citeulike07-20&path=ASIN/0321125215},
    year = {2003}
}
@online{rrepo,
	author = {Joakim Reinert},
	title = {jreinert/rrepo},
	url = {https://github.com/jreinert/rrepo},
	urldate = {2015-09-11}
}
@online{dimscan,
	author = {Joakim Reinert},
	title = {jreinert/dimscan},
	url = {https://github.com/jreinert/dimscan},
	urldate = {2015-09-11}
}
@techreport{RFC6749,
  author = {D. Hardt},
  title = {The OAuth 2.0 Authorization Framework},
  howpublished = {Internet Requests for Comments},
  type = {RFC},
  number = {6749},
  year = {2012},
  month = {October},
  issn = {2070-1721},
  publisher = {RFC Editor},
  institution = {RFC Editor},
  url = {http://www.rfc-editor.org/rfc/rfc6749.txt},
  note = {\url{http://www.rfc-editor.org/rfc/rfc6749.txt}},
}
@online{rackoauth,
	author = {Flowtown, Inc},
	title = {assaf/rack-oauth2-server},
	url = {https://github.com/assaf/rack-oauth2-server},
	urldate = {2015-09-11}
}
@article{cors,
    author = {W3C},
    day = {16},
    month = jan,
    title = {Cross-Origin Resource Sharing, W3C Recommendation},
    url = {http://www.w3.org/TR/cors/},
    year = {2014}
}
@online{angular,
	author = {Google, Inc},
	title = {AngularJS — Superheroic JavaScript MVW Framework},
	url = {https://angularjs.org},
	urldate = {2015-09-11}
}
@online{rackcors,
	author = {Calvin Yu},
	title = {cyu/rack-cors},
	url = {https://github.com/cyu/rack-cors},
	urldate = {2015-09-11}
}
@online{sidekiq,
	author = {Contributed Systems LLC},
	title = {Sidekiq},
	url = {http://sidekiq.org},
	urldate = {2015-09-11}
}
@online{d3,
	author = {Mike Bostock},
	title = {D3.js - Data-Driven Documents},
	url = {http://d3js.org/},
	urldate = {2015-09-11}
}
@online{marionette,
	author = {Marionette Community},
	title = {Marionette.js – The Backbone Framework},
	url = {http://marionettejs.com/},
	urldate = {2015-09-11}
}
@online{gnuplot,
	author = {Thomas Williams and Colin Kelley},
	title = {gnuplot homepage},
	url = {http://www.gnuplot.info/},
	urldate = {2015-09-11}
}
@online{ams,
	author = {Steve Klabnik},
	title = {ActiveModelSerializers},
	url = {https://github.com/rails-api/active_model_serializers},
	urldate = {2016-03-11}
}
@article{api-first,
    author = {Evan Tahler},
    day = {03},
    month = mar,
    title = {API-First Engineering Overview},
    url = {http://www.api-first.com/blog/engineering_overview.html},
    year = {2013}
}
